@online{comparison,
author={GeeksforGeeks},
  title = {Difference between SQL and NoSQL} ,
  url = {https://www.geeksforgeeks.org/difference-between-sql-and-nosql/},
  note = {Accessed: 2019-06-20}
}

@book {proyecto,
    author  = "Javier Martinez ",
    title   = "BASES DE DATOS NOSQL: ARQUITECTURA ",
    journal =" Universidad Abierta de Cataluña",
    year    = "2012",
    pages   = "187",
}


@online{kyocera,
author={Kyocera Document Solutions},
  title = {¿Ques una base de datos?} ,
  url = {https://smartbd.kyocera.es/blog/las-bases-datos-documentales/},
  note = {Accessed: 2019-06-22}
}



@online{imagen,
author={Amazon},
  title = {¿Qué es una base de datos de documentos?} ,
  url = {https://aws.amazon.com/es/nosql/bd_document/},
  note = {Accessed: 2019-06-20}
}

@online{Robert,
author={Robert Ramirezi},
  title = {Base de datos} ,
  url = {https://github.com/robrams/blob/master/contenido/mysql.md},
  note = {Accessed: 2019-06-23}
}



